@article{karl2020ro,
  title={The role of nanoparticles in Arctic cloud formation},
  author={Karlsson, Linn and Krejci, Radovan and Koike, Makoto and Ebell, Kerstin and Zieger, Paul and others},
  journal={Atmos. Chem. Phys. Discuss., https://doi. org/10.5194/acp-2020-417, in review},
  year={2020}
}

@article{koik2019ye,
  title={Year-round in situ measurements of Arctic low-level clouds: Microphysical properties and their relationships with aerosols},
  author={Koike, M and Ukita, Jinro and Str{\"o}m, Johan and Tunved, Peter and Shiobara, Masataka and Vitale, Vito and Lupi, Angelo and Baumgardner, D and Ritter, Christoph and Hermansen, Ove and others},
  journal={Journal of Geophysical Research: Atmospheres},
  volume={124},
  number={3},
  pages={1798--1822},
  year={2019},
  publisher={Wiley Online Library}
}

@book{rasm2006ga,
author = {Rasmussen, Carl E and Williams, Christopher},
title = {{Gaussian Processes for Machine Learning}},
publisher = {MIT Press},
year = {2006}
}